%% $Id$

@Article{ Hayano79,
	title = "Zero- and low-field spin relaxation studied by positive muons",
	author = "R. S. Hayano and Y. J. Uemura and J. Imazato and N. Nishida and T. Yamazaki and R. Kubo",
	journal = "Phys. Rev. B",
	volume = "20",
	year = "1979",
	pages = "850"
}

@Article{ Uemura85,
	title = "Muon-spin relaxation in \emph{Au}Fe and \emph{Cu}Mn spin glasses",
	author = "Y. J. Uemura and T. Yamazaki and D. R. Harshman and M. Senba and E. J. Ansaldo",
	journal = "Phys. Rev. B",
	volume = "31",
	year = "1985",
	pages = "546"
}

@Article{ DalmasDeReotier92,
	title = "Quantum calculation of the muon depolarization function: effect of spin dynamics in nuclear dipole systems",
	author = "P. {Dalams de R\'{e}otier} and A. Yaouanc",
	journal = "J. Phys.: Condens. Matter",
	volume = "4",
	year = "1992",
	pages = "4533"
}

@Article{ Keren94,
	title = "Generalization of the Abragam relaxation function to a longitudinal field",
	author = "A. Keren",
	journal = "Phys. Rev. B",
	volume = "50",
	year = "1994",
	pages = "10039"
}

@Article{ Larkin00,
	title = "Exponential field distribution in $\mathrm{Sr(Cu_{1-x}Zn_x)_2O_3}$",
	author = "M. I. Larkin and Y. Fudamoto and I. M. Gat and A. Kinkhabwala and K. M. Kojima and G. M. Luke and J. Merrin and B. Nachumi and Y. J. Uemura and M. Azuma and T. Saito and M. Takano",
	journal = "Physica B",
	volume = "289-290",
	year = "00",
	pages = "153"
}

@Article{ McMullen78,
	title = "Positive-muon spin depolarization in solids",
	author = "T. McMullen and E. Zaremba",
	journal = "Phys. Rev. B",
	volume = "18",
	year = "1978",
	pages = "3026"
}

